@misc{riak,
  Howpublished={\url{http://www.basho.com/products_riak_overview.php}},
  Title={Riak: Scalable Data Store}
},
@misc{bcrypt,
  Howpublished={\url{http://www.openbsd.org/papers/bcrypt-paper.pdf}},
  Title={A Future-Adaptable Password Scheme}
},
@misc{json,
  Howpublished={\url{http://tools.ietf.org/pdf/rfc4627.pdf}},
  Title={RFC 4627: The application/json Media Type for JavaScript Object Notation (JSON)}
},
@misc{dynamo,
  Howpublished={\url{http://www.allthingsdistributed.com/files/amazon-dynamo-sosp2007.pdf}},
  Title={Dynamo: Amazonâ€™s Highly Available Key-value Store}
}

