@misc{riak,
  Howpublished={\url{http://www.basho.com/products_riak_overview.php}},
  Title={Riak: Scalable Data Store}
}
